@incollection{B10,
  key =		 {B10},
  author        = {Serge Autexier  and Christoph Benzm\"uller and Dominik Dietrich and J\"org Siekmann},
  editor        = {Matthew W. Crocker and J\"org Siekmann},
  booktitle     = {Resource-Adaptive Cognitive Processes},
  chapter       = {OMEGA: Resource-Adaptive Processes in an Automated Reasoning Systems},
  series        = {Cognitive Technologies Series},
  publisher     = {Springer},
  pages         = {389-420},
  year          = {2010},
}


