@incollection{B12,
  key =		 {B12},
  author        = {Christoph Benzm\"uller},
  editor        = {Simon Siegler and Nathan Wasser},
  booktitle     = {Verification, Induction, Termination Analysis - Festschrift
               for Christoph Walther on the Occasion of His 60th Birthday},
  chapter       = {Verifying the Modal Logic Cube is an Easy Task (for Higher-Order Automated Reasoners)},
  series        = {LNCS},
  volume        = 6463,
  publisher     = {Springer},
  year          = {2010},
  pages         = {117-128}
}


