@InCollection{B5,
  key    =       {B05},
  author =	 {Christoph Benzm{\"u}ller and Dale Miller},
  editor =	 {D. Gabbay and J. Siekmann and J. Woods},
  booktitle = 	 {The Handbook of the History of Logic, Volume 9 -- Logic and Computation},
  chapter = 	 {Automation of Higher-Order Logic},
  publisher = 	 {Elsevier},
  url =		 {www.ags.uni-sb.de/~chris/papers/B5.pdf},
  note =	 {In print}
}

