@InProceedings{C21,
  key =		 {C21},
  editor = {Irina Virbitskaite and
               Andrei Voronkov},
  author =	 {Mark Buckley and Christoph Benzm{\"u}ller},
  title =	 {An Agent-based Architecture for Dialogue Systems},
  booktitle =	 {Perspectives of Systems Informatics, 6th
                  International Andrei Ershov Memorial Conference, PSI
                  2006, Novosibirsk, Russia, June 27-30, 2006. Revised
                  Papers},
  year =	 2007,
  url =		 {www.ags.uni-sb.de/~chris/papers/C21.pdf},
  publisher =	 {Springer},
  volume =	 4378,
  pages =	 {135-147},
  series =	 {LNCS},
  isbn = {978-3-540-70880-3},
  CHRISNOTE =	 {C21},
}


