@InProceedings{C25,
  key =		 {C25},
  author =	 {Christoph Benzm{\"u}ller and Florian Rabe and Geoff
                  Sutcliffe},
  title =	 {The Core {TPTP} Language for Classical Higher-Order
                  Logic},
  editor =	 {Alessandro Armando and Peter Baumgartner and Gilles
                  Dowek},
  booktitle =	 {Automated Reasoning, 4th International Joint
                  Conference, IJCAR 2008, Sydney, Australia, August
                  12-15, 2008, Proceedings},
  url =		 {www.ags.uni-sb.de/~chris/papers/C25.pdf},
  publisher =	 {Springer},
  pages =	 {491-506},
  series =	 {LNCS},
  year =	 2008,
  volume =	 5195
}


