@InProceedings{C26,
  key =		 {C26},
  author =	 {Christoph Benzm{\"u}ller and Frank Theiss and Larry
                  Paulson and Arnaud Fietzke},
  title =	 {{LEO-II} - A Cooperative Automatic Theorem Prover
                  for Higher-Order Logic},
  editor =	 {Alessandro Armando and Peter Baumgartner and Gilles
                  Dowek},
  booktitle =	 {Automated Reasoning, 4th International Joint
                  Conference, IJCAR 2008, Sydney, Australia, August
                  12-15, 2008, Proceedings},
  url =		 {www.ags.uni-sb.de/~chris/papers/C26.pdf},
  publisher =	 {Springer},
  series =	 {LNCS},
  pages =	 {162-170},
  year =	 2008,
  volume =	 5195
}
