@InProceedings{C27,
  key =		 {C27},
  author =	 {Christoph Benzm{\"u}ller},
  title =	 {Automating Access Control Logic in Simple Type
                  Theory with {LEO-II}},
  editor    = {Dimitris Gritzalis and
               Javier L{\'o}pez},
  booktitle     = {Emerging Challenges for Security, Privacy and Trust, 24th
               IFIP TC 11 International Information Security Conference,
               SEC 2009, Pafos, Cyprus, May 18-20, 2009. Proceedings},
  publisher = {Springer},
  series    = {IFIP},
  volume    = {297},
  year      = {2009},
  isbn      = {978-3-642-01243-3},
  pages = {387-398},
}

