@InProceedings{C32,
  key =		 {C32},
  author =	 {Christoph Benzm{\"u}ller},
  title =	 {Simple Type Theory as Framework for
  Combining Logics},
 booktitle =	 {Contest paper at the World Congress and School on Universal Logic III
  (UNILOG)},
  address =	 {Lisbon, Portugal},
  year =	 2010,
  note = {The conference had no published proceedings; the paper is available as arXiv:1004.5500v1}
}
