@InProceedings{C33,
  key =		 {C33},
  author =	 {Christoph Benzm{\"u}ller and Valerio Genovese},
  title =	 {Quantified Conditional Logics are Fragments of {HOL}},
 booktitle =	 {The International Conference on Non-classical Modal and Predicate Logics (NCMPL)}, 
  address =	 {Guangzhou (Canton), China},
  year =	 2011,
  note = {The conference had no published proceedings; the paper is available as arXiv:1204.5920v1}
}
