@InProceedings{C35,
  key =		 {C35},
  author =	 {Christoph Benzm{\"u}ller},
  title =	 {A Top-down Approach to Combining Logics},
 booktitle =	 {Proc. of the 5th International Conference on Agents and Artificial Intelligence (ICAART)}, 
  address =	 {Barcelona, Spain},
  chrisnote =    {acceptance rate <= 36 \%},
  year =	 2013
}
