@InProceedings{C36,
  key =		 {C36},
  author =	 {Christoph Benzm{\"u}ller},
  title =	 {{HOL} based Universal Reasoning},
  booktitle =	 {Handbook of the 4th World Congress and School on Universal Logic}, 
  address =	 {Rio de Janeiro, Brazil},
  editor =       {J.Y. Beziau and A. Buchsbaum and A. Costa-Leite and A. Altair},
  isbn =         {978-85-400-0682-9},
  pages =        {232-233}, 
  year =	 2013
}
