@Proceedings{E1,
  key    =       {E01},
  editor =	 {J{\"u}rgen Zimmer and Christoph Benzm{\"u}ller},
  TITLE =	 {{CALCULEMUS Autumn School 2002: Student Poster Abstracts}},
  INSTITUTION =	 {Fachbereich Informatik, Universit{\"a}t des Saarlandes, Saarbr{\"u}cken,
                  Germany},
  YEAR =	 2002,
  pages =	 {1--116},
  TYPE =	 {SEKI Report (ISSN 1437-4447)},
  NUMBER =	 {SR-02-06},
  ABSTRACT =	 {This report contains the descriptions of student posters accepted for
                  presentation at the Calculemus Autumn School 2002 in Pisa.},
  chrisnote =	 {E1},
  note = {(115 pages)},
  url =		 {www.ags.uni-sb.de/~chris/papers/R17.pdf}
}


      @Proceedings{E10,
key =  {E10},
          editor     = {Benzm{\"u}ller, Christoph and Fischer, Bernd and Sutcliffe, Geoff},
          Year         = 2006,
          Title        = {Proceedings of the 6th International Workshop on the 
                          Implementation of Logics},
Booktitle        = {Proceedings of the 6th International Workshop on the 
                          Implementation of Logics},
 series =	 {CEUR Workshop  Proceedings},
 publisher = {CEUR-WS.org},
          Place        = {Phnom Penh, Cambodia},
          Volume       = 212,
          ISSN         = {ISSN 1613-0073}
      }

@Book{E11,
  key    =       {E11},
  editor =       {Christoph Benzm{\"u}ller and Chad E.~Brown and J{\"o}rg Siekmann and Richard Statman},
  title = 	 {{Reasoning in Simple Type Theory -- Festschrift in Honor of Peter B.~Andrews on His 70th Birthday}},
  publisher = 	 {College Publications},
  year = 	 2008,
  series =	 {Studies in Logic, Mathematical Logic and Foundations},
  note =	 {ISBN 978-1-904987-70-3},
  pages = {460}
}

@Proceedings{E12,
key =  {E12},
editor       = {Serge Autexier and Christoph Benz{\"u}ller},
          Year         = 2009,
          Title        = {Proceedings of the 8th International Workshop on User Interfaces for Theorem Provers (UITP 2008), Montr\'{e}al, Canada},
Booktitle        = {Proceedings of the 8th International Workshop on User Interfaces for Theorem Provers (UITP 2008), Montr\'{e}al, Canada},
          series = {Electronic Notes in Theoretical Computer Science},
          volume = 226,
          publisher = {Elsevier},
          pages = {1-106}
      }

@Proceedings{E2,
  key    =       {E02},
  editor =	 {Christoph Benzm{\"u}ller and Regine Endsuleit},
  TITLE =	 {{CALCULEMUS Autumn School 2002: Course Notes (Part I)}},
  INSTITUTION =	 {Fachbereich Informatik, Universit{\"a}t des Saarlandes, Saarbr{\"u}cken,
                  Germany},
  YEAR =	 2002,
  pages =	 {1--168},
  TYPE =	 {SEKI Report (ISSN 1437-4447)},
  NUMBER =	 {SR-02-07},
  ABSTRACT =	 {This are the notes (Part I) of the courses presented at the Calculemus
                  Autumn School 2002 in Pisa.},
  chrisnote =	 {E2},
  note = {(168 pages)},
  url =		 {www.ags.uni-sb.de/~chris/papers/R18.pdf}
}

@Proceedings{E3,
  key    =       {E03},
  editor =	 {Christoph Benzm{\"u}ller and Regine Endsuleit},
  TITLE =	 {{CALCULEMUS Autumn School 2002: Course Notes (Part II)}},
  INSTITUTION =	 {Fachbereich Informatik, Universit{\"a}t des Saarlandes, Saarbr{\"u}cken,
                  Germany},
  YEAR =	 2002,
  pages =	 {1--130},
  TYPE =	 {SEKI Report (ISSN 1437-4447)},
  NUMBER =	 {SR-02-08},
  ABSTRACT =	 {This are the notes (Part II) of the courses presented at the Calculemus
                  Autumn School 2002 in Pisa.},
  chrisnote =	 {E3},
  note = {(130 pages)},
  url =		 {www.ags.uni-sb.de/~chris/papers/R19.pdf}
}


@Proceedings{E4,
  key =		 {E04},
  editor =	 {Christoph Benzm{\"u}ller and Regine Endsuleit},
  TITLE =	 {{CALCULEMUS Autumn School 2002: Course Notes (Part III)}},
  INSTITUTION =	 {Fachbereich Informatik, Universit{\"a}t des Saarlandes, Saarbr{\"u}cken,
                  Germany},
  YEAR =	 2002,
  TYPE =	 {SEKI Report (ISSN 1437-4447)},
  NUMBER =	 {SR-02-09},
  ABSTRACT =	 {This are the notes (Part III) of the courses presented at the Calculemus
                  Autumn School 2002 in Pisa.},
  chrisnote =	 {E4},
  note = {(121 pages)},
  url =		 {www.ags.uni-sb.de/~chris/papers/R20.pdf}
}


@Proceedings{E5,
  key    =       {E05},
  title =	 {Systems for Integrated Computation and Deduction -- Interim Report of
                  the {CALCULEMUS} {IHP} Network},
  year =	 2003,
  editor =	 {Christoph Benzm{\"u}ller},
  TYPE =	 {SEKI Report (ISSN 1437-4447)},
  number =	 {SR-03-05},
  INSTITUTION =	 {Fachbereich Informatik, Universit{\"a}t des Saarlandes, Saarbr{\"u}cken},
}

@Proceedings{E6,
  key    =       {E06},
  title = 	 {{Computer-Supported Mathematical Theory Development}},
  year = 	 2004,
  editor =	 {Benzm\"uller, Christoph and Windsteiger, Wolfgang},
  number =	 {04-14},
  series =	 {RISC Report Series},
  month =	 {July},
  organization = {RISC Institute, University of Linz},
  note =	 {Proceedings of the first ``Workshop on Computer-Supported Mathematical 
                  Theory Development'' held in the frame of IJCAR'04 in Cork, Ireland, 
                  July 5, 2004. 
                  ISBN 3-902276-04-5.}}

@Proceedings{E7,
  key =  {E07},
  title = 	 {Special Issue on Assistance Systems for Mathematics},
  booktitle = 	 {Special Issue on Assistance Systems for Mathematics},
  publisher =	 {Elsevier},
  journal =	 {Journal of Applied Logic},
  volume = 	 {4},
  number = 	 {4},
  year =	 2006,
  editor =	 {Christoph Benzm{\"u}ller},
  series =	 {Journal of Applied Logic},
}


@Proceedings{E8,
  key =  {E08},
  title = 	 {Proceedings of the LPAR-05 Workshop: Empirically Successfull Automated Reasoning in Higher-Order Logic (ESHOL)},
  booktitle = 	 {Proceedings of the LPAR-05 Workshop: Empirically Successfull Automated Reasoning in Higher-Order Logic (ESHOL)},
  publisher =	 {Avalaible from http://arxiv.org/abs/cs/0601042},
  year =	 2005,
  address =	 {Wexford Hotel, Montego Bay, Jamaica},
  editor =	 {Christoph Benzm{\"u}ller and John Harrison and Carsten Sch{\"u}rmann},
}


@Proceedings{E9,
  key =  {E09},
  title = 	 {User Interfaces for Theorem Provers, Proceedings of
UITP'06},
  booktitle = 	 {User Interfaces for Theorem Provers, Proceedings of
UITP'06},
  publisher =	 {Elsevier},
  volume =	 174,
  number =	 {2},
  issn =         {1571-0661},
  pages =        {1-2},
  year =	 2007,
  editor =	 {Serge Autexier and Christoph Benzm{\"u}ller},
  series =	 {Electronic Notes in Theoretical Computer Science},
}


