@MastersThesis{T1,
  key    =       {T1},
  author =	 {Christoph Benzm{\"u}ller},
  title =	 {{Eine Fallstudie zur Spezifikation von Systemanforderungen in der Spezifikationssprache OBSCURE}},
  school =	 {Departmment of Computer Science, Saarland University, Germany},
  year =	 1994,
  pages =        {1--194},
  CHRISNOTE =	 {T1},
  URL =		 {www.ags.uni-sb.de/~chris/papers/T1.pdf}
}

@PhdThesis{T2,
  key    =       {T2},
  author = 	 {Christoph Benzm\"uller},
  title = 	 {Equality and Extensionality in Higher-Order Theorem Proving},
  school = 	 {Naturwissenschaftlich-Technische Fakult{\"a}t I, Saarland University, Saarbr{\"u}cken, Germany},
  year = 	 1999,
  pages =        {1--174},
  CHRISNOTE =	 {T2},
  URL =		 {www.ags.uni-sb.de/~chris/papers/T2.pdf}
}



@Booklet{T3,
  key    =       {T3},
  author = 	 {Christoph Benzm\"uller},
  title = 	 {Cumulative Habilitation Script},
  address = 	 {Faculty 6 -- Natural Sciences and Technology, Saarland University, Germany},
  year = 	 2006,
  pages =        {1--357},
  CHRISNOTE =	 {T3},
  URL =		 {www.ags.uni-sb.de/~chris/papers/T3.pdf}
}



