@Proceedings{E1,
  key    =       {E01},
  editor =	 {J{\"u}rgen Zimmer and Christoph Benzm{\"u}ller},
  TITLE =	 {{CALCULEMUS Autumn School 2002: Student Poster Abstracts}},
  INSTITUTION =	 {Fachbereich Informatik, Universit{\"a}t des Saarlandes, Saarbr{\"u}cken,
                  Germany},
  YEAR =	 2002,
  pages =	 {1--116},
  TYPE =	 {SEKI Report (ISSN 1437-4447)},
  NUMBER =	 {SR-02-06},
  ABSTRACT =	 {This report contains the descriptions of student posters accepted for
                  presentation at the Calculemus Autumn School 2002 in Pisa.},
  chrisnote =	 {E1},
  note = {(115 pages)},
  url =		 {www.ags.uni-sb.de/~chris/papers/R17.pdf}
}

