@Proceedings{E3,
  key    =       {E03},
  editor =	 {Christoph Benzm{\"u}ller and Regine Endsuleit},
  TITLE =	 {{CALCULEMUS Autumn School 2002: Course Notes (Part II)}},
  INSTITUTION =	 {Fachbereich Informatik, Universit{\"a}t des Saarlandes, Saarbr{\"u}cken,
                  Germany},
  YEAR =	 2002,
  pages =	 {1--130},
  TYPE =	 {SEKI Report (ISSN 1437-4447)},
  NUMBER =	 {SR-02-08},
  ABSTRACT =	 {This are the notes (Part II) of the courses presented at the Calculemus
                  Autumn School 2002 in Pisa.},
  chrisnote =	 {E3},
  note = {(130 pages)},
  url =		 {www.ags.uni-sb.de/~chris/papers/R19.pdf}
}

