@Article{J2,
  key    =       {J02},
  author =	 {J{\"o}rg Siekmann and Stephan Hess and Christoph Benzm{\"u}ller and Lassaad Cheikhrouhou and
                  Armin Fiedler and Helmut Horacek and Michael Kohlhase and Karsten Konrad and Andreas Meier and
                  Erica Melis and Martin Pollet and Volker Sorge},
  title =	 {{LOUI}: Lovely {OMEGA} User Interface},
  journal =	 {Formal Aspects of Computing},
  year =	 1999,
  volume =	 11,
  pages =	 {326--342},
  url =		 {www.ags.uni-sb.de/~chris/papers/J2.pdf},
  abstract =     {},
  note = {doi:10.1016/S1571-0661(05)82522-8},
  chrisnote =	 {J2}
}

