@Article{J21,
  key = {J21},
  author = 	 {Christoph Benzm{\"u}ller and Lawrence C. Paulson},
  title = 	 {Multimodal and Intuitionistic Logics in Simple Type Theory},
  journal =	 {The Logic Journal of the IGPL},
  publisher =	 {Oxford University Press},
  year = 2010,
  volume = 18,
  number = 6,
  pages = {881-892},
  note = {doi:10.1093/jigpal/jzp080}
}



