@Article{J23,
  key = {J23},
  author = 	 {Christoph Benzm{\"u}ller and Lawrence C. Paulson},
  title = 	 {Quantified Multimodal Logics in Simple Type Theory},
  journal =	 {Logica Universalis (Special Issue on Multimodal Logics)},
  year = 2013,
  volume = 7,
  number = 1,
  pages = {7-20},
  note = {doi:10.1007/s11787-012-0052-y}
}


