@Article{J26,
  key = {J26},
  author = {Christoph Benzm{\"u}ller and Dov Gabbay and Valerio Genovese and Daniele Rispoli},
  title = {Embedding and Automating Conditional Logics in Classical Higher-Order Logic},
  journal = {Annals of Mathematics and Artificial Intelligence},
  year = 2012,
  volume= {66},
  number= {1-4},
  pages= {257-271},
  note = {doi:10.1007/s10472-012-9320-z}
}



