@Article{J27,
  key = {J27},
  author = 	 {Christoph Benzm{\"u}ller and Adam Pease},
  title = 	 {Higher-order Aspects and Context in {SUMO}},
  journal =	 {Journal of Web Semantics (Special Issue on Reasoning with context in the Semantic Web)},
  year = 2012,
  volume = {12-13},
  pages = {104-117},
  note = {doi:10.1016/j.websem.2011.11.008}
}
