@Misc{T1,
  OPTkey = 	 {},
  author = 	 {Your Name},
  title = 	 {Free Logic in HOL: Application in Category Theory},
  howpublished = {FU Berlin},
  OPTmonth = 	 {},
  year = 	 {2016},
  note = 	 {Supervisor: C. Benzm{\"u}ller, D. Scott (CMU/Berkeley)}
}

@Misc{T2,
  OPTkey = 	 {},
  author = 	 {Your Name},
  title = 	 {Free Logic in HOL: Application in Projective Geometry},
  howpublished = {FU Berlin},
  OPTmonth = 	 {},
  year = 	 {2016},
  note = 	 {Supervisor: C. Benzm{\"u}ller, D. Scott (CMU/Berkeley)}
}

@Misc{T3,
  OPTkey = 	 {},
  author = 	 {Your Name},
  title = 	 {Modal Logics in HOL: Embedding based on Algebraic Semantics},
  howpublished = {FU Berlin},
  OPTmonth = 	 {},
  year = 	 {2016},
  note = 	 {Supervisor: C. Benzm{\"u}ller, D. Scott (CMU/Berkeley)}
}

@Misc{T4,
  OPTkey = 	 {},
  author = 	 {Your Name},
  title = 	 {Embedding Approach and Direct Calculi: Implementation and Automation},
  howpublished = {FU Berlin},
  OPTmonth = 	 {},
  year = 	 {2016},
  note = 	 {Supervisor: C. Benzm{\"u}ller, A. Steen, M. Wisniewski}
}

@Misc{T5,
  OPTkey = 	 {},
  author = 	 {Your Name},
  title = 	 {Embedding Approach and Direct Calculi: Soundness and Completeness},
  howpublished = {FU Berlin},
  OPTmonth = 	 {},
  year = 	 {2016},
  note = 	 {Supervisor: C. Benzm{\"u}ller, A. Steen, M. Wisniewski}
}

@Misc{T6,
  OPTkey = 	 {},
  author = 	 {Your Name},
  title = 	 {Hewitt's Inconsistency Robustness / Provability Logic: Formalisation in Isabelle/HOL},
  howpublished = {FU Berlin},
  OPTmonth = 	 {},
  year = 	 {2016},
  note = 	 {Supervisor: C. Benzm{\"u}ller, C. Hewitt (MIT/Stanford)}
}

@Misc{T7,
  OPTkey = 	 {},
  author = 	 {Your Name},
  title = 	 {Hewitt's Inconsistency Robustness: Implementation of Calculus \& Prover based on Parametric Types},
  howpublished = {FU Berlin},
  OPTmonth = 	 {},
  year = 	 {2016},
  note = 	 {Supervisor: C. Benzm{\"u}ller, C. Hewitt (MIT/Stanford)}
}

@Misc{T8,
  OPTkey = 	 {},
  author = 	 {Your Name},
  title = 	 {Principia Metaphysica: More Formalisation and Automation},
  howpublished = {FU Berlin},
  OPTmonth = 	 {},
  year = 	 {2016},
  note = 	 {Supervisor: C. Benzm{\"u}ller, E. Zalta (Stanford)}
}

@Misc{T9,
  OPTkey = 	 {},
  author = 	 {Your Name},
  title = 	 {Principia Metaphysica: Relational Type Theory in LeoPARD},
  howpublished = {FU Berlin},
  OPTmonth = 	 {},
  year = 	 {2016},
  note = 	 {Supervisor: C. Benzm{\"u}ller, A. Steen, M. Wisniewski, E. Zalta (Stanford)}
}

@Misc{T10,
  OPTkey = 	 {},
  author = 	 {Your Name},
  title = 	 {Paradoxes in Deontic Logic: Coherent Picture wrt Local and Global Assumptions?},
  howpublished = {FU Berlin},
  OPTmonth = 	 {},
  year = 	 {2016},
  note = 	 {Supervisor: C. Benzm{\"u}ller}
}

@Misc{T11,
  OPTkey = 	 {},
  author = 	 {Your Name},
  title = 	 {Bridge between RuleML and ModalTPTP: Applications and Experiments},
  howpublished = {FU Berlin},
  OPTmonth = 	 {},
  year = 	 {2016},
  note = 	 {Supervisor: C. Benzm{\"u}ller, H. Boley}
}

@Misc{T12,
  OPTkey = 	 {},
  author = 	 {Your Name},
  title = 	 {An Infrastructure for Higher-Order (Non-Classical) Montague Semantics},
  howpublished = {FU Berlin},
  OPTmonth = 	 {},
  year = 	 {2016},
  note = 	 {Supervisor: C. Benzm{\"u}ller}
}

@Misc{T13,
  OPTkey = 	 {},
  author = 	 {Your Name},
  title = 	 {Analysis of Hilbert Calculi in Isabelle/HOL via Semantics Embeddings Approach},
  howpublished = {FU Berlin},
  OPTmonth = 	 {},
  year = 	 {2016},
  note = 	 {Supervisor: C. Benzm{\"u}ller, A. Steen, M. Wisniewski}
}

@Misc{T14,
  OPTkey = 	 {},
  author = 	 {Your Name},
  title = 	 {Automated Exploration of Correspondence Properties, Inclusion and Exclusion Relations and alike in Conditional Logics},
  howpublished = {FU Berlin},
  OPTmonth = 	 {},
  year = 	 {2016},
  note = 	 {Supervisor: C. Benzm{\"u}ller, A. Steen, M. Wisniewski}
}

@Misc{T15,
  OPTkey = 	 {},
  author = 	 {Your Name},
  title = 	 {Probalistic Logic as Modal Logics: Probalities as Accessibility Relations},
  howpublished = {FU Berlin},
  OPTmonth = 	 {},
  year = 	 {2016},
  note = 	 {Supervisor: C. Benzm{\"u}ller, A. Steen, M. Wisniewski}
}

@Misc{T16,
  OPTkey = 	 {},
  author = 	 {Your Name},
  title = 	 {Multimodal Logics via Semantic Embeddings: Applications and Experiments},
  howpublished = {FU Berlin},
  OPTmonth = 	 {},
  year = 	 {2016},
  note = 	 {Supervisor: C. Benzm{\"u}ller, A. Steen, M. Wisniewski}
}

@Misc{T17,
  OPTkey = 	 {},
  author = 	 {Your Name},
  title = 	 {Multimodal Logics via Semantic Embeddings: Fusions, Fibrings, etc.},
  howpublished = {FU Berlin},
  OPTmonth = 	 {},
  year = 	 {2016},
  note = 	 {Supervisor: C. Benzm{\"u}ller, A. Steen, M. Wisniewski}
}


@Misc{T18,
  OPTkey = 	 {},
  author = 	 {Your Name},
  title = 	 {Analysis of I/O Logic and Deontic Logic and the Correspondences in Isabelle/HOL},
  howpublished = {FU Berlin},
  OPTmonth = 	 {},
  year = 	 {2016},
  note = 	 {Supervisor: C. Benzm{\"u}ller, A. Steen, M. Wisniewski}
}


@Misc{T19,
  OPTkey = 	 {},
  author = 	 {Your Name},
  title = 	 {Automating Direct Calculi on Top of the Embedding Approach, Soundness for Free},
  howpublished = {FU Berlin},
  OPTmonth = 	 {},
  year = 	 {2016},
  note = 	 {Supervisor: C. Benzm{\"u}ller, A. Steen, M. Wisniewski}
}

@Misc{T20,
  OPTkey = 	 {},
  author = 	 {Your Name},
  title = 	 {Semantic Embeddings, Abstract Consistency and Completeness},
  howpublished = {FU Berlin},
  OPTmonth = 	 {},
  year = 	 {2016},
  note = 	 {Supervisor: C. Benzm{\"u}ller, A. Steen, M. Wisniewski}
}


@Misc{T21,
  OPTkey = 	 {},
  author = 	 {Your Name},
  title = 	 {Formalisation of parts of a paper of Wes Holliday (need to contact Wes again)},
  howpublished = {FU Berlin},
  OPTmonth = 	 {},
  year = 	 {2016},
  note = 	 {Supervisor: C. Benzm{\"u}ller}
}


@Misc{T22,
  OPTkey = 	 {},
  author = 	 {Your Name},
  title = 	 {Formalisations/Experiments in Deontic Logic: Standard Deontic Logic versus semantically more challenging version (two worlds dependency) by Melissa Fusco},
  howpublished = {FU Berlin},
  OPTmonth = 	 {},
  year = 	 {2016},
  note = 	 {Supervisor: C. Benzm{\"u}ller}
}

