@TechReport{R10,
  key    =       {R10},
  author = 	 {Christoph Benzm{\"u}ller and Mateja Jamnik and Manfred Kerber and Volker Sorge},
  title = 	 {Towards Concurrent Resource Guided Deduction},
  institution =  {Department of Computer Science, Saarland University},
  type =         {SEKI Report (ISSN 1437-4447)},
  number =       {SR-99-07},
  year = 	 1999, 
  pages =        {1--27},
  chrisnote =	 {R10},
  url =		 {www.ags.uni-sb.de/~chris/papers/R10.pdf}
}



