@Unpublished{R25,
  key    =       {R25},
  author = 	 {Manfred Pinkal and J{\"o}rg Siekmann and Christoph Benzm{\"u}ller},
  title = 	 {DIALOG: Tutorieller Dialog mit einem Mathematik Assistenzsystem},
  note = 	 {Project proposal in the Collaborative Research Centre SFB 378 on Resource-adaptive Cognitive Processes},
  year =	 2001,
  pages =        {1--34},
  url =		 {www.ags.uni-sb.de/~chris/papers/R25.pdf}
}

