@Unpublished{R26,
  key    =       {R26},
  author = 	 {J{\"o}rg Siekmann and Christoph Benzm{\"u}ller and Erica Melis},
  title = 	 {OMEGA: Ressourcenadaptive Beweisplanung},
  note = 	 {Project proposal in the Collaborative Research Centre SFB 378 on Resource-adaptive Cognitive Processes},
  year =	 2001,
  pages =        {1--30},
  url =		 {www.ags.uni-sb.de/~chris/papers/R25.pdf}
}

