@Unpublished{R27,
  key    =       {R27},
  author = 	 {Christoph Benzm{\"u}ller},
  title = 	 {ALONZO: Higher-Order Reasoning Agents for Mathematics},
  note = 	 {EURYI project proposal},
  year =	 2004,
  pages =        {1--37},
  url =		 {www.ags.uni-sb.de/~chris/papers/R23.pdf}
}

