@Unpublished{R29,
  key    =       {R29},
  author = 	 {J{\"o}rg Siekmann and Christoph Benzm{\"u}ller and Erica Melis},
  title = 	 {OMEGA: Resource-adaptive Proof Planning},
  note = 	 {Project report in the Collaborative Research Centre SFB 378 on Resource-adaptive Cognitive Processes},
  year =	 2004,
  pages =        {1--22},
  url =		 {www.ags.uni-sb.de/~chris/papers/R29.pdf}
}

