@Unpublished{R31,
  key    =       {R31},
  author = 	 {J{\"o}rg Siekmann and Christoph Benzm{\"u}ller and Serge Autexier},
  title = 	 {OMEGA: Agent-oriented Proof Planning},
  note = 	 {Project proposal in the Collaborative Research Centre SFB 378 on Resource-adaptive Cognitive Processes},
  year =	 2004,
  pages =        {1--26},
  url =		 {www.ags.uni-sb.de/~chris/papers/R31.pdf}
}

