@techreport{R35,
  key    =       {R35},
  author =	 {Mark Buckley and Christoph Benzm{\"u}ller},
  title =	 {A Dialogue Manager for the DIALOG Demonstrator},
  institution =	 {Fachrichtung Informatik, Universit{\"a}t des Saarlandes,
                  Saarbr{\"u}cken, Germany},
  year =	 2004,
  type =	 {SEKI Report (ISSN 1437-4447)},
  number =	 {SR-04-01},
}

