@Unpublished{R36,
  key    =       {R36},
  author = 	 {Christoph Benzm{\"u}ller and Corinna Hahn},
  title = 	 {The CALCULEMUS Final Report},
  note = 	 {Final report of the Marie Curie Research Training Network CALCULEMUS within the EU 5th framework},
  year =	 2004,
  pages =        {1--57},
  url =		 {www.ags.uni-sb.de/~chris/papers/R36.pdf}
}

