@Unpublished{R41,
  key    =       {R41},
  author = 	 {Manfred Pinkal and J{\"o}rg Siekmann and Christoph Benzm{\"u}ller and Ivana Kruijff-Korbayova},
  title = 	 {DIALOG: Natural Language-based Interaction with a Mathematics Assistance System},
  note = 	 {Project report in the Collaborative Research Centre SFB 378 on Resource-adaptive Cognitive Processes},
  pages =        {1--20},
  year =	 2008,
  url =		 {www.ags.uni-sb.de/~chris/papers/R41.pdf}
}

