@Misc{R47,
  key = 	 {R47},
  author = 	 {Benzm{\"u}ller, Christoph},
  title = 	 {{LEO-II im Ontologieschliessen -- Antrag auf ein Forschungsvorhaben an die DFG}},
  howpublished = {International University in Germany, Bruchsal},
  year = 	 2009}
