@Misc{R48,
  key = 	 {R48},
  author = 	 {Benzm{\"u}ller, Christoph},
  title = 	 {A Note on {LEO-II} and the Basic
Fragment of Simple Type Theory.},
  howpublished = {AAR Newsletter No. 84},
month = {July},
  year = 2009
}
