@Misc{R51,
  key = 	 {R51},
  author = 	 {Benzm{\"u}ller, Christoph and Wirth, Claus-Peter},
  title = 	 {{Effective Higher-Order Automated Theorem Proving with integrated Descente
Infinie and Presburger Arithmetic LEO-III}},
  howpublished = {DFG research project proposal},
  year = 	 2009}
