@TechReport{R54,
key={R54},
year={2013},
author={Christoph Benzm{\"u}ller and Bruno Woltzenlogel Paleo},
title={Formalization, Mechanization and Automation of G{\"o}del's Proof of God's Existence},
note={Technical Report},
url ={http://christoph-benzmueller.de/papers/R54.pdf},
}