@Unpublished{R8,
  key    =       {R08},
  author = 	 {Christoph Benzm{\"u}ller},
  title = 	 {{F}orschungsinteressen am {G}raduiertenkolleg {K}ognitionswissenschaft},
  note = 	 {Draft, AG Siekmann, Saarland University},
  year =	 1999,
  pages =        {1--17},
  chrisnote =	 {R8},
  url =		 {www.ags.uni-sb.de/~chris/papers/R8.pdf}
}

