@Booklet{T3,
  key    =       {T3},
  author = 	 {Christoph Benzm\"uller},
  title = 	 {Cumulative Habilitation Script},
  address = 	 {Faculty 6 -- Natural Sciences and Technology, Saarland University, Germany},
  year = 	 2006,
  pages =        {1--357},
  CHRISNOTE =	 {T3},
  URL =		 {www.ags.uni-sb.de/~chris/papers/T3.pdf}
}



