@Book{Course57,
  keywords =	 {teaching,seminar},
  author =	 {Christoph Benzm{\"u}ller},
  title =	 {Ethical Foundations of AI (Ethics of AI)},
  publisher =	 {(with Sabina Ammon, Jessica Jesus de Pinho Pinhal, TU Berlin) Freie Universit{\"a}t Berlin},
  year =	 2021,
  note =	 {Seminar, Summer 2021, 4 SWS. <a href="https://mycampus.imp.fu-berlin.de/portal/site/7f486b47-9a16-4559-bce4-d385ab35e21b
" target="_blank">mycampus</a>; <a href="https://www.fu-berlin.de/vv/de/lv/665687?m=199259&pc=130142&sm=606239">kvv</a>},
}


@Book{Course56,
  keywords =	 {teaching,seminar},
  author =	 {Christoph Benzm{\"u}ller},
  title =	 {Universal Logical Reasoning},
  publisher =	 {Zhejiang University, Hangzhou, China},
  year =	 2020,
  note =	 {Invited Lecture Course (Part of course on Logic in AI). <a href="https://www.xixilogic.org/events/2020/08/course-logic-in-ai/" target="_blank">Course website</a>},
}


@Book{Course55,
  keywords =	 {teaching,seminar},
  author =	 {Christoph Benzm{\"u}ller and  Bertram Lomfeld},
  title =	 {Ethical and Legal Challenges in AI and Data Science},
  publisher =	 {Freie Universit{\"a}t Berlin},
  year =	 2020,
  note =	 {Practice seminar, Summer 2020 (block course in autumn), 14.-25. Sep, 4 SWS. <a href="https://mycampus.imp.fu-berlin.de/portal/site/4e732ee4-5f15-4065-8bb1-471dafd573e4" target="_blank">mycampus</a>; <a href="https://cbenzmueller.github.io/teaching/2020-EthLegChall/index.pdf">flyer</a>},
}

@Book{Course54,
  keywords =	 {teaching,seminar},
  author =	 {Christoph Benzm{\"u}ller and  Nabil Alsabah},
  title =	 {The Mind and the Future of AI},
  publisher =	 {Freie Universit{\"a}t Berlin},
  year =	 2020,
  note =	 {Seminar, Summer 2020, 2 SWS. <a href="https://mycampus.imp.fu-berlin.de/portal/site/3d8aadfc-329d-47bb-bd99-91754ab903f5/" target="_blank">mycampus</a>; <a href="https://mycampus.imp.fu-berlin.de/evento/vv/course/597169">kvv</a>},
}


@Book{Course53,
  keywords =	 {teaching,seminar},
  author =	 {Christoph Benzm{\"u}ller},
  title =	 {Normative Reasoning and Machine Ethics},
  publisher =	 {Freie Universit{\"a}t Berlin},
  year =	 2019,
  note =	 {Seminar, Winter 2019/20, 2 SWS. <a href="https://cbenzmueller.github.io/teaching/2020-Seminar/" target="_blank">website</a>; <a href="https://kvv.imp.fu-berlin.de/evento/vv/course/546790" target="_blank">kvv</a>},
}


@Book{Course52,
  keywords =	 {teaching,lecture course},
  author =	 {Christoph Benzm{\"u}ller},
  title =	 {K{\"u}nstliche Intelligenz (autumn block course)},
  publisher =	 {Freie Universit{\"a}t Berlin},
  year =	 2019,
  note =	 {Autumn 2019, 2+2 SWS, 5 ECTS. <a href="https://mycampus.imp.fu-berlin.de/portal/site/d8aff32c-45eb-4e4a-a4e0-23224792700a" target="_blank">mycampus</a>},
}


@Book{Course51,
  keywords =	 {teaching,lecture course},
  author =	 {Christoph Benzm{\"u}ller and Schommer, Christoph},
  title =	 {K{\"u}nstliche Intelligenz},
  publisher =	 {Freie Universit{\"a}t Berlin},
  year =	 2019,
  note =	 {Summer 2019, 2+2 SWS, 5 ECTS. <a href="https://mycampus.imp.fu-berlin.de/portal/site/3e65b04b-66a5-4044-ab0f-348b6af02dde" target="_blank">mycampus</a>},
}


@book{Course50,
  keywords =	 {teaching,seminar},
  Author =	 {Christoph Benzm{\"u}ller},
  Publisher =	 {Freie Universit{\"a}t Berlin},
  Title =	 {Kurt G{\"o}del: Philosophical Views},
    note =	 {Seminar, Winter 2018/19, 2 SWS. <a href="https://mycampus.imp.fu-berlin.de/portal/site/8dde2528-2d41-43b7-8aec-8e41cfcb1824" target="_blank">mycampus</a>; <a href="http://page.mi.fu-berlin.de/cbenzmueller/2019-Goedel/">website</a>},
  Year =	 2019,
}



@Book{Course49,
  keywords =	 {teaching,lecture course},
  author =	 {Christoph Benzm{\"u}ller},
  title =	 {Universal Logical Reasoning},
  publisher =	 {Freie Universit{\"a}t Berlin},
  year =	 2019,
  note =	 {Winter 2018/19, 2+2 SWS, 5 ECTS. <a href="https://mycampus.imp.fu-berlin.de/portal/site/0a37b77f-e00a-4e9b-bf4e-d917e91b9d31" target="_blank">mycampus</a>; <a href="http://page.mi.fu-berlin.de/cbenzmueller/2018-UniversalLogicalReasoning/">website</a>},
}


@Book{Course48,
  keywords =	 {teaching,software project},
  author =	 {Tobias Gleissner and Christoph Benzm{\"u}ller},
  title =	 {Softwareprojekt: Logik-Software},
  publisher =	 {Freie Universit{\"a}t Berlin},
  year =	 2019,
  note =	 {Softwareprojekt, Winter 2018/19, 2 SWS. <a href="https://mycampus.imp.fu-berlin.de/portal/site/f82bd478-e4e5-43c1-99af-9d8fe9281525" target="_blank">mycampus</a>},
}

@Book{Course47,
  keywords =	 {teaching,lecture course},
  author =	 {Christoph Benzm{\"u}ller and Christoph Schommer},
  title =	 {K{\"u}nstliche Intelligenz},
  publisher =	 {Freie Universit{\"a}t Berlin},
  year =	 2018,
  note =	 {Summer 2018, 2+2 SWS, 5 ECTS. <a href="https://mycampus.imp.fu-berlin.de/portal/site/77882b68-ea5e-4414-b793-79c3baab65ca">kvv</a>},
}

@book{Course46,
  keywords =	 {teaching,lecture course},
  Author =	 {Christoph Benzm{\"u}ller},
  Publisher =	 {Bath IMI Thematic Semester (U Bath, UK): Algorithms, Accountability and Ethics in Machine Learning},
  Title =	 {From computational metaphysics towards computational pseudo-ethics},
  Year =	 2018,
}


@book{Course45,
  keywords =	 {teaching,seminar},
  Author =	 {Christoph Benzm{\"u}ller},
  Publisher =	 {Freie Universit{\"a}t Berlin},
  Title =	 {WYSIWYG-Editor for Higher Order Logic (Projektseminar)},
  Note =	 {Summer 2017, 2 SWS. <a href="https://mycampus.imp.fu-berlin.de/portal/site/c8964c4f-ce8c-42f6-8fea-c67adc2f56ad" target="_blank">mycampus</a>},
  Year =	 2017,
}


@book{Course44,
  keywords =	 {teaching,lecture course},
  Author =	 {Christoph Benzm{\"u}ller},
  Publisher =	 {Pontif{\'i}cia Universidade Cat{\'o}lica do Rio Grande do Sul (PUCRS), Porto Alegre, Brasil},
  Title =	 {{(Invited Tutorial)} Automated Reasoning in Higher-order and Non-classical Logics. <a href="http://christoph-benzmueller.de/papers/2017-PUCRS-Tutorial.zip">zip-file</a>},
  Year =	 2017
}

@book{Course43,
  keywords =	 {teaching,lecture course},
  Author =	 {Christoph Benzm{\"u}ller},
  Publisher =	 {2nd CLE Colloquium for Philosophy and History of Formal Sciences (CLE4Science), University of Campinas, Brasil},
  Title =	 {{(Invited Tutorial)} Universal Logical Reasoning via Semantical Embeddings in HOL. <a href="http://christoph-benzmueller.de/papers/2017-Campinas-Tutorial.zip">zip-file</a>},
  Year =	 2017
}

@book{Course42,
  Author =	 {Christoph Benzm{\"u}ller},
  keywords =	 {teaching,lecture course. May},
  Author =	 {Christoph Benzm{\"u}ller},
  Publisher =	 {ILIAS group, University of Luxembourg},
  Title =	 {{(Invited Tutorial)} Tutorial on Universal Logic Theorem Proving in HOL. <a href="http://christoph-benzmueller.de/papers/2017-Luxemburg-Tutorial-May.zip">zip-file</a>},
  Year =	 2017
}

@book{Course41,
  Author =	 {Christoph Benzm{\"u}ller},
  keywords =	 {teaching,lecture course. September},
  Author =	 {Christoph Benzm{\"u}ller},
  Publisher =	 {Second Global Conference on Artificial Intelligence (GCAI), Berlin},
  Title =	 {(Invited Tutorial) Tutorial on Reasoning in Expressive Non-Classical Logics with Isabelle/HOL. <a href="http://page.mi.fu-berlin.de/cbenzmueller/2016-GCAI/">course material</a>},
  Year =	 2016
}

@book{Course40,
  Author =	 {Christoph Benzm{\"u}ller. February},
  keywords =	 {teaching,lecture course. <a href="http://page.mi.fu-berlin.de/cbenzmueller/papers/2015-RW-Tutorial.pdf">slides</a>},
  Publisher =	 {Berkeley-Stanford Circle in Logic and Philosophy, San Francisco, USA},
  Title =	 {(Invited tutorial) A Universal Logic Theorem Proving Approach},
  Year =	 2016
}

@Book{Course39,
  keywords =	 {teaching,software project},
  author =	 {Christoph Benzm{\"u}ller},
  title =	 {KI-gestützte Pflege einer internationalen Schuldatenbank},
  publisher =	 {Freie Universit{\"a}t Berlin},
  year =	 2017,
  note =	 {Softwareprojekt, Winter 2017/18, 2 SWS. <a href="http://www.fu-berlin.de/vv/de/lv/441121?m=160019&pc=63783&sm=344910">kvv</a>},
}

@Book{Course38,
  keywords =	 {teaching,seminar},
  author =	 {Christoph Benzm{\"u}ller and Carsten Ullrich},
  title =	 {Intelligente Lehr- und Lernsysteme},
  publisher =	 {Freie Universit{\"a}t Berlin},
  year =	 2017,
  note =	 {Pro-/Seminar, Winter 2017/18, 2+2 SWS, 5 ECTS. <a href="http://www.fu-berlin.de/vv/de/lv/402852?query=benzmüller&sm=344910">kvv</a>, <a href="http://christoph-benzmueller.de/papers/2017-2018_LehrUndLernsysteme_AusarbeitungenUndFolien.zip">Slides and Reports</a>},
  Year =	 2017
  }

@Book{Course37,
  keywords = {lecture course},
  author =	 {Christoph Benzm{\"u}ller and Raul Rojas},
  title =	 {K{\"u}nstliche Intelligenz},
  publisher =	 {Freie Universit{\"a}t Berlin},
  year =	 2017,
  note =	 {Summer 2017, 2+2 SWS, 5 ECTS. <a href="http://www.fu-berlin.de/vv/de/lv/353801?m=160089&pc=63783&sm=314889">kvv</a>},
}

@Book{Course36,
  keywords =	 {teaching,lecture course},
  author =	 {Christoph Benzm{\"u}ller and A. Steen and M. Wisnieswki},
  title =	 {Interactive and Automated Theorem Proving for Non-Classical Logics},
  publisher =	 {Tutorial at GCAI-2016},
  year =	 2016,
  comment =	 {<a href="http://christoph-benzmueller.de/2016-GCAI/tutorial.pdf">course material</a>},
}

@Book{Course35,
  keywords =	 {teaching,lecture course},
  author =	 {Christoph Benzm{\"u}ller and Ra\'{u}l Rojas},
  title =	 {K{\"u}nstliche Intelligenz},
  publisher =	 {Freie Universit{\"a}t Berlin},
  year =	 2016,
  note =	 {Summer 2016, 2+2 SWS, 5 ECTS. <a href="http://www.fu-berlin.de/vv/de/lv/270628?query=rojas&sm=231509">kvv</a>},
}

@Book{Course34,
  keywords =	 {teaching,lecture course},
  author =	 {Christoph Benzm{\"u}ller},
  title =	 {(Central teaching award of FU Berlin) Computational Metaphysics},
  publisher =	 {Freie Universit{\"a}t Berlin},
  note =	 {Summer 2016, 2+2 SWS, 5 ECTS. April--July},
  year =	 2016,
  comment =	 {<a href="http://www.inf.fu-berlin.de/users/lex/lehre/compmeta/">course website</a>}
}

@Book{Course33,
  keywords =	 {teaching,lecture course},
  author =	 {Christoph Benzm{\"u}ller},
  title =	 {(Invited lecture course) Computational Metaphysics},
  publisher =	 {Thematic trimester 'Current Issues in the Philosophy of Practice of Mathematics \& Informatics', Centre International de Math\'ematiques et d'Informatique de Toulouse (CIMI), France. June},
  year =	 2016,
  comment =	 {<a href="http://page.mi.fu-berlin.de/cbenzmueller/papers/2015-RW-Tutorial.pdf">slides</a>}
}

@Book{Course32,
  keywords =	 {teaching,lecture course},
  author =	 {Christoph Benzm{\"u}ller and Woltzenlogel Paleo, Bruno},
  title =	 {(Invited lecture course) Higher-Order Modal Logics: Automation and Applications},
  publisher =	 {Logic Summer School, ANU Canberra, Australia. in December},
  year =	 2015,
  comment =	 {<a href="http://page.mi.fu-berlin.de/cbenzmueller/papers/2015-ANU-LogicSummerSchool.pdf">slides</a>, <a href="http://page.mi.fu-berlin.de/cbenzmueller/papers/2015-ANU-LogicSummerSchoolDemoExamples.zip">some-demo-files</a>},
}

@Book{Course31,
  keywords =	 {teaching,lecture course},
  author =	 {Christoph Benzm{\"u}ller and Woltzenlogel Paleo, Bruno},
  title =	 {(Invited tutorial) Higher-Order Modal Logics: Automation and Applications},
  publisher =	 {Reasoning Web Summer School},
  year =	 2015,
  comment =	 {<a href="http://page.mi.fu-berlin.de/cbenzmueller/papers/2015-RW-Tutorial.pdf">slides</a>},
}

@Book{Course30,
  keywords =	 {teaching,seminar},
  author =	 {Christoph Benzm{\"u}ller and A. Steen and M. Wisnieswki},
  title =	 {Logik},
  publisher =	 {Freie Universit{\"a}t Berlin},
  year =	 2015,
  note =	 {Summer 2015, Proseminar, 2 SWS, 5 ECTS. <a href="http://www.inf.fu-berlin.de/users/lex/lehre/prosemlogikSS15/">course website</a>},
}

@Book{Course29,
  keywords =	 {teaching,lecture course},
  author =	 {Christoph Benzm{\"u}ller and Ra\'{u}l Rojas},
  title =	 {K{\"u}nstliche Intelligenz},
  publisher =	 {Freie Universit{\"a}t Berlin},
  year =	 2015,
  note =	 {Summer 2015, 2+2 SWS, 5 ECTS. <a href="http://www.fu-berlin.de/vv/de/lv/143922?query=Benzmüller&sm=119983">kvv</a>},
}

@Book{Course28,
  keywords =	 {teaching,lecture course},
  author =	 {Christoph Benzm{\"u}ller and P. Podlech and A. Steen and M. Wisnieswki},
  title =	 {Entwicklung eines netzbasierten Editors zur Generierung von PDF-Dokumenten},
  publisher =	 {Freie Universit{\"a}t Berlin},
  year =	 {2015},
  note =	 {Winter 2014/2015, Softwareprojekt, 2 SWS. <a href="http://www.fu-berlin.de/vv/de/lv/204479?m=224801&pc=196394&sm=129212">kvv</a>},
}

@Book{Course27,
  keywords =	 {teaching,lecture course},
  author =	 {Christoph Benzm{\"u}ller},
  title =	 {Expressive Logiken -- Theorie, Mechanisierung, Anwendungen},
  publisher =	 {Freie Universit{\"a}t Berlin},
  year =	 {2015},
  note =	 {Winter 2014/15, 2+2 SWS, 5 ECTS. <a href="http://www.fu-berlin.de/vv/de/lv/200103?query=Benzmüller&sm=129212">kvv</a>; <a href="http://page.mi.fu-berlin.de/cbenzmueller/2014-EL/">webpage</a>},
}

@Book{Course26,
  keywords =	 {teaching,lecture course},
  author =	 {Christoph Benzm{\"u}ller and Ra\'{u}l Rojas},
  title =	 {K{\"u}nstliche Intelligenz},
  publisher =	 {Freie Universit{\"a}t Berlin},
  year =	 2014,
  note =	 {Summer 2014, block course, 2+2 SWS, 5 ECTS. <a href="http://www.fu-berlin.de/vv/de/lv/143922?query=Benzmüller&sm=119983">kvv</a>},
}

@Book{Course1,
  keywords =	 {teaching,lecture course},
  author =	 {Christoph Benzm{\"u}ller},
  title =	 {Logik erster Stufe -- Theorie und Praxis},
  publisher =	 {Freie Universit{\"a}t Berlin},
  year =	 {2013},
  note =	 {Winter 2012/13, 2+2 SWS, 5 ECTS. <a href="https://www.mi.fu-berlin.de/kvv/course.htm?cid=10691&sid=26">kvv</a>; <a href="http://page.mi.fu-berlin.de/cbenzmueller/2012-FOL/">webpage</a>},
}

@Book{Course2,
  keywords =	 {teaching,lecture course},
  author =	 {Christoph Benzm{\"u}ller},
  title =	 {Logik erster Stufe in Theorie und Praxis},
  publisher =	 {Freie Universit{\"a}t Berlin},
  year =	 {2014},
  note =	 {Winter 2013/14, 2+2 SWS, 5 ECTS. <a href="http://www.fu-berlin.de/vv/de/lv/117363?query=19619&sm=69108">kvv</a>; <a href="http://page.mi.fu-berlin.de/cbenzmueller/2013-FOL/">webpage</a>},
}

@Book{Course3,
  keywords =	 {teaching,seminar},
  author =	 {Christoph Benzm{\"u}ller},
  title =	 {Expressive Klassische und Nichtklassische Logiken und deren Automatisierung },
  publisher =	 {Freie Universit{\"a}t Berlin},
  year =	 {2014},
  note =	 {Winter 2013/14, 2+2 SWS, 5 ECTS. <a href="http://www.fu-berlin.de/vv/de/lv/121691?query=Benzmuller&sm=69108">kvv</a>; <a href="http://page.mi.fu-berlin.de/cbenzmueller/2013-ExLog/">webpage</a>},
}

@Book{Course4,
  keywords =	 {teaching,seminar},
  author =	 {Ra\'{u}l Rojas and Christoph Benzm{\"u}ller and Marco Block-Berlitz},
  title =	 {Technologien f{\"u}r Frage-Antwort-Systeme},
  publisher =	 {Freie Universit{\"a}t Berlin},
  year =	 {2013},
  note =	 {Winter 2012/13, 2 SWS, 4 ECTS. <a href="https://www.mi.fu-berlin.de/kvv/course.htm?cid=10888&sid=26&iid=1">kvv</a>; <a href="http://page.mi.fu-berlin.de/cbenzmueller/2012-Watson/">webpage</a>},
}

@Book{Course5,
  keywords =	 {teaching,lecture course},
  author =	 {Christoph Benzm{\"u}ller and Geoff Sutcliffe},
  title =	 {Working with Automated Reasoning Tools},
  publisher =	 {Saarland University},
  year =	 2008,
  note =	 {Block-Lecture September 2008, 2+2 SWS. <a href="http://www.cs.miami.edu/~geoff/Courses/TPTPSYS/">webpage</a>},
}

@Book{Course6,
  keywords =	 {teaching,lecture course},
  author =	 {Christoph Benzm{\"u}ller},
  title =	 {(Invited lecture course) Semantics of Higher-Order Logic},
  publisher =	 {IT University Copenhagen},
  year =	 2007,
  note =	 {Block-Lecture October 2007. <a href="http://page.mi.fu-berlin.de/cbenzmueller/papers/2007-Copenhagen-lectures.pdf">slides</a>},
}

@Book{Course7,
  keywords =	 {teaching,lecture course},
  author =	 {Christoph Benzm{\"u}ller},
  title =	 {(Invited tutorial) Semantics of Higher-Order Logic},
  publisher =	 {ESSLLI Summer School in Logic, Language and Information},
  year =	 2006,
  note =	 {Block-Lecture July/August 2006. <a href="http://page.mi.fu-berlin.de/cbenzmueller/papers/2006-ESSLLI.pdf">slides</a>},
}

@Book{Course8,
  keywords =	 {teaching,lecture course},
  author =	 {Christoph Benzm{\"u}ller},
  title =	 {(Invited lecture course) Automated Theorem Proving in Higher-Order Logics},
  publisher =	 {Technical University Darmstadt},
  year =	 2006,
  note =	 {Summer 2006, 3+2 SWS. <a href="http://page.mi.fu-berlin.de/cbenzmueller/papers/2006-ATPHOL.pdf">slides</a>},
}

@Book{Course9,
  keywords =	 {teaching,lecture course},
  author =	 {Christoph Benzm{\"u}ller and Chad Brown},
  title =	 {Semantics and Mechanization of Classical Higher-Order Logic},
  publisher =	 {Saarland University},
  year =	 {2006},
  note =	 {Winter 2005/06, 4+2 SWS},
}

@Book{Course10,
  keywords =	 {teaching,lecture course},
  author =	 {Serge Autexier and Christoph Benzm{\"u}ller and Chad Brown and J{\"o}rg Siekmann},
  title =	 {Artificial Intelligence},
  publisher =	 {Saarland University},
  year =	 2005,
  note =	 {Summer 2005, 4+2 SWS. <a href="http://www.ags.uni-sb.de/~omega/teach/KI05/index.php">webpage</a>},
}

@Book{Course11,
  keywords =	 {teaching,lecture course},
  author =	 {Serge Autexier and Christoph Benzm{\"u}ller and Armin Fiedler and J{\"o}rg Siekmann and Claus-Peter Wirth},
  title =	 {Mathematical Assistance Systems},
  publisher =	 {Saarland University},
  year =	 {2005},
  note =	 {Winter 2004/05, 4+2 SWS. <a href="http://www.ags.uni-sb.de/~omega/teach/MAS0405/index.php">webpage</a>},
}

@Book{Course12,
  keywords =	 {teaching,lecture course},
  author =	 {Christoph Benzm{\"u}ller},
  title =	 {Automated Theorem Proving in First-Order and Higher-Order Logic},
  publisher =	 {Saarland University},
  year =	 2004,
  note =	 {Summer 2004, 2+2 SWS. <a href="http://page.mi.fu-berlin.de/cbenzmueller/lectures/fol-hol-tp/index.html">webpage</a>},
}

@Book{Course13,
  keywords =	 {teaching,lecture course},
  author =	 {Christoph Benzm{\"u}ller and Armin Fiedler and Claus-Peter Wirth},
  title =	 {Human-Oriented Theorem Proving: Foundations and Applications},
  publisher =	 {Saarland University},
  year =	 {2004},
  note =	 {Winter 2003/04, 4+2 SWS},
}

@Book{Course14,
  keywords =	 {teaching,lecture course},
  author =	 {Christoph Benzm{\"u}ller and Armin Fiedler and Claus-Peter Wirth},
  title =	 {Human-Oriented Theorem Proving: Foundations and Applications},
  publisher =	 {Saarland University},
  year =	 2003,
  note =	 {Summer 2003, 4+2 SWS},
}

@Book{Course15,
  keywords =	 {teaching,lecture course},
  author =	 {Christoph Benzm{\"u}ller and Erica Melis and J{\"o}rg Siekmann},
  title =	 {Artificial Intelligence},
  publisher =	 {Saarland University},
  year =	 2003,
  note =	 {Summer 2003, 4+2 SWS},
}

@Book{Course16,
  keywords =	 {teaching,seminar},
  author =	 {Serge Autexier and Christoph Benzm{\"u}ller and Chad Brown},
  title =	 {Mathematical Assistant Systems Shootout},
  publisher =	 {Saarland University},
  year =	 2006,
  note =	 {Summer 2006},
}


@Book{Course17,
  keywords =	 {teaching,seminar},
  author =	 {Serge Autexier and Christoph Benzm{\"u}ller and Chad Brown and Armin Fiedler and Claus-Peter Wirth},
  title =	 {Mathematical Assistant Systems Shootout},
  publisher =	 {Saarland University},
  year =	 2005,
  note =	 {Summer 2005},
}

@Book{Course18,
  keywords =	 {teaching,seminar},
  author =	 {Christoph Benzm{\"u}ller and J{\"o}rg Siekmann},
  title =	 {Oberseminar AG Siekmann},
  publisher =	 {Saarland University},
  year =         {2003},
  note =	 {I held the course regularly 2001--2003},
}

@Book{Course19,
  keywords =	 {teaching,seminar},
  author =	 {Serge Autexier and Christoph Benzm{\"u}ller and J{\"o}rg Siekmann},
  title =	 {Oberseminar AG Siekmann},
  publisher =	 {Saarland University},
  year =         {2007},
  note =	 {I held the Oberseminar regularly 2004--2007},
}

@Book{Course20,
  keywords =	 {teaching,seminar},
  author =	 {Christoph Benzm{\"u}ller and J{\"o}rg Siekmann},
  title =	 {Fortgeschrittenenpraktikum Deduktionssysteme},
  publisher =	 {Saarland University},
  year =         {2003},
  note =	 {I held the Fortgeschrittenenpraktikum  regularly  2001--2003},
}

@Book{Course21,
  keywords =	 {teaching,seminar},
  author =	 {Serge Autexier and Christoph Benzm{\"u}ller and J{\"o}rg Siekmann},
  title =	 {Fortgeschrittenenpraktikum Deduktionssysteme},
  publisher =	 {Saarland University},
  year =         {2007},
  note =	 {I held the Fortgeschrittenenpraktikum  regularly  2004--2007},
}

@Book{Course22,
  keywords =	 {teaching,lecture course},
  author =	 {Christoph Benzm{\"u}ller},
  title =	 {(Invited tutorial) From Natural Deduction Calculus to Sequent Calculus and back},
  publisher =	 {CALCULEMUS Autumn School in Pisa},
  year =	 2002,
}

@Book{Course23,
  keywords =	 {teaching,lecture course},
  author =	 {Christoph Benzm{\"u}ller},
  title =	 {Automated Theorem Proving in First-Order and Higher-Order Logic},
  publisher =	 {Saarland University},
  year =	 2002,
  note =	 {Summer 2002, 2+2 SWS},
}

@Book{Course24,
  keywords =	 {teaching,lecture course},
  author =	 {Christoph Benzm{\"u}ller and J{\"o}rg Siekmann},
  title =	 {K{\"u}nstliche Intelligenz},
  publisher =	 {Saarland University},
  year =	 2001,
  note =	 {Summer 2001, 4+2 SWS},
}

@Book{Course25,
  keywords =	 {teaching,lecture course},
  author =	 {J{\"o}rg Siekmann and Christoph Benzm{\"u}ller},
  title =	 {K{\"u}nstliche Intelligenz},
  publisher =	 {Saarland University},
  year =	 1999,
  note =	 {Summer 1999, 4+2 SWS},
}
