@InProceedings{W10,
  key    =       {W10},
  author = 	 {Christoph Benzm{\"u}ller},
  title = 	 {An Agent Based Approach to Reasoning},
  booktitle = 	 {Extended abstract for invited plenary talk at AISB'01 Convention `Agents and Cognition},
  year =	 2001,
  pages =        {57--58},
  chrisnote =	 {W10},
  url =		 {www.ags.uni-sb.de/~chris/papers/W10.pdf},
  publisher =	 {University of York}
}


