@InProceedings{W25,
  key    =       {W25},
  author = 	 {Christoph Benzm{\"u}ller and Armin Fiedler and Malte Gabsdil and Helmut Horacek and Ivana Kruijff-Korbayova and Dimitra Tsovaltzi and Bao Quoc Vo and Magdalena Wolska},
  title = 	 {Language Phenomena in Tutorial Dialogs on Mathematical Proofs },
  booktitle = 	 {Proceedings of the 7th Workshop on the semantics and pragmatics of
dialogue (DiaBruck)},
  year =	 2003,
  pages =        {},
  address =	 {Wallerfangen, Germany},
  chrisnote =	 {W21},
  abstract =	 {},
  url =		 {},
}
