@InProceedings{W37,
  key    =       {W37},
  author =	 {C. Benzm{\"u}ller and L. Paulson and F. Theiss and A. Fietzke},
  title =	 {Progress Report on {LEO-II} -- An Automatic Theorem Prover for Higher-Order Logic},
  booktitle =	 {TPHOLs 2007 Emerging Trends Proceedings},
  year =	 2007,
  chrisnote =	 {W37},
  pages = {33-48},
  url =		 {www.ags.uni-sb.de/~chris/papers/W37.pdf},
  publisher =	 {Internal Report 364/07, Department of Computer Science, University Kaiserslautern, Germany}
}



