@InProceedings{W40,
  key =		 {W40},
 author    = {Christoph Benzm\"uller and Adam Pease},
  title     = {Progress in Automating Higher-Order Ontology Reasoning},
  booktitle = {PAAR-2010 -- Workshop on Practical Aspects of Automated Reasoning},
  editor    = {Renate A. Schmidt and Stephan Schulz and Boris Konev},
  series    = {EPiC Series},
  volume    = {9},
  pages     = {22-32},
  year      = {2012},
  publisher = {EasyChair},
  bibsource = {EasyChair, http://www.easychair.org},
  issn      = {2040-557X},
}

