@InProceedings{W41,
  key =		 {W41},
  author =	 {Christoph Benzm{\"u}ller},
  title =	 {Combining Logics in Simple Type Theory},
 booktitle =	 {Computational Logic in Multi-Agent Systems, 11th International
               Workshop, CLIMA
XI, Lisbon, Portugal, August 16-17, 2010.
               Proceedings},
  address =	 {Lisbon, Portugal},
  year =	 2010,
  series = {Lecture Notes in Artifical Intelligence},
  volume = {6245},
  pages = {33-48},
  editor = {J{\"u}rgen Dix and Joao Leite and Guido Governatori and Woitek Jamroga},
  publisher = {Springer},
}
