@InProceedings{W42,
  key =		 {W42},
  author =	 {Adam Pease and Christoph Benzm{\"u}ller},
  title =	 {{Sigma}: An Integrated Development Environment for Logical Theory
Development},
 booktitle =	 {The ECAI 2010 Workshop on Intelligent Engineering Techniques for
Knowledge Bases (IKBET'2010)},
  address =	 {Lisbon, Portugal},
  year =	 2010
}
