@InProceedings{W43,
  key =		 {W43},
  author =	 {Adam Pease and Christoph Benzm{\"u}ller},
  editor = {A.~Bundy and J.~Lehmann and G.~Qi and I.~J.~Varzinczak}, 
  title =	 {Ontology Archaeology: Mining a Decade of Effort on the Suggested
Upper Merged Ontology},
 booktitle =	 {The ECAI-10 Workshop on Automated Reasoning about
Context and Ontology Evolution (ARCOE-10)},
  address =	 {August 16-17, Lisbon, Portugal},
  year =	 2010,
}
