

@InProceedings{W45,
  key =		 {W45},
  author =	 {Marvin Schiller and Christoph Benzm{\"u}ller},
  title =	 {Human-Oriented Proof Techniques are Relevant for Proof Tutoring},
 booktitle =	 {Workshop on Mathematically Intelligent Proof Search (MIPS 2010, affiliated with CICM 2010)},
  address =	 {Paris, France},
  year =	 2010
}