@InProceedings{W46,
  key =       {W46},
  author    = {Christoph Benzm\"uller and Marvin Schiller},
  title     = {Adaptive Assertion-Level Proofs},
  booktitle = {EMSQMS 2010 -- Workshop on Evaluation Methods for Solvers and Quality Metrics for Solutions},
  editor    = {Aaron Stump and Geoff Sutcliffe and Cesare Tinelli},
  series    = {EPiC Series},
  volume    = {6},
  pages     = {39-40},
  year      = {2012},
  publisher = {EasyChair},
  bibsource = {EasyChair, http://www.easychair.org},
  issn      = {2040-557X},
}