@InProceedings{W47,
  key =		 {W47},
  author =	 {Nik Sultana and Christoph Benzm{\"u}ller},
  title =	 {Understanding {LEO-II's} Proofs},
  editor =    {Konstantin Korovin and Stephan Schulz and Eugenia Ternovska},
  booktitle = {IWIL 2012},
  series    = {EPiC Series},
  volume    = {22},
  pages     = {33-52},
  year      = {2013},
  publisher = {EasyChair},
  bibsource = {EasyChair, http://www.easychair.org},
  issn      = {2040-557X},
}