@article{vanPlatoBSL18,
title={KURT GÖDEL’S FIRST STEPS IN LOGIC: FORMAL PROOFS IN ARITHMETIC AND SET THEORY THROUGH A SYSTEM OF NATURAL DEDUCTION},
volume={24},
DOI={10.1017/bsl.2017.42},
number={3},
journal={The Bulletin of Symbolic Logic},
publisher={Cambridge University Press},
author={Von Plato, Jan},
year={2018},
pages={319–335}}



@InProceedings{vanPlatoICM18,
  title = 	 {IN SEARCH OF THE SOURCES OF INCOMPLETENESS},
  year = 	 2018,
  booktitle = {Proc. Int. Cong. of Math. – 2018},
  author={Von Plato, Jan},
  pages = {21-30},
  doi = {10.9999/icm2018-v1-p21},
}

@INCOLLECTION{goed:undec,
  AUTHOR =	 {Kurt G{\"{o}}del},
  TITLE =	 {On formally undecidable propositions of
                  \textit{{P}rincipia {M}athematica} and related
                  systems {I}},
  CROSSREF =	 {goed:coll},
  YEAR =	 1986,
  volume =	 1,
  pages =	 {145--195}
}

@INCOLLECTION{goed:undec-prop,
  AUTHOR =	 {Kurt G{\"{o}}del},
  TITLE =	 {On undecidable propositions of formal mathematical
                  systems},
  CROSSREF =	 {goed:coll},
  YEAR =	 1986,
  volume =	 1,
  pages =	 {346--371}
}

@INBOOK{goed:basic,
  AUTHOR =	 {Kurt G{\"{o}}del},
  TITLE =	 {Some basic theorems on the foundations of
                  mathematics and their implications},
  CROSSREF =	 {goed:coll},
  YEAR =	 1995,
  VOLUME =	 3,
  pages =	 {304--323},
}

@INBOOK{goed:ext,
  TITLE =	 {On an extension of finitary mathematics which has
                  not yet been used},
  CROSSREF =	 {goed:coll},
  YEAR =	 1990,
  volume =	 2,
  pages =	 {271--280},
}

@INBOOK{goed:bicen,
  TITLE =	 {Remarks before the {P}rinceton bicentennial
                  conference on problems in mathematics},
  CROSSREF =	 {goed:coll},
  YEAR =	 1990,
  volume =	 2,
  pages =	 {150--153},
}

@INBOOK{goed:modern,
  TITLE =	 {The modern development of the foundations of
                  mathematics in the light of philosophy},
  CROSSREF =	 {goed:coll},
  YEAR =	 1995,
  volume =	 3,
  pages =	 {374--387},
}

@INBOOK{goed:onto,
  TITLE =	 {Ontological proof / {A}ppendix {B}: {T}exts relating
                  to the ontological proof},
  CROSSREF =	 {goed:coll},
  YEAR =	 1995,
  volume =	 3,
  pages =	 {403--404, 429--437},
}

@INBOOK{goed:remarks,
  TITLE =	 {Some remarks on the undecidability results},
  CROSSREF =	 {goed:coll},
  YEAR =	 1990,
  volume =	 2,
  pages =	 {305--306},
}

@INBOOK{goed:russell,
  TITLE =	 {Russell's mathematical logic},
  CROSSREF =	 {goed:coll},
  YEAR =	 1990,
  volume =	 2,
  pages =	 {119--141},
}

@INBOOK{goed:cantor-orig-64,
  TITLE =	 {What is {C}antor's continuum problem (1964)},
  CROSSREF =	 {goed:coll},
  YEAR =	 1990,
  volume =	 2,
  pages =	 {254--270},
}

@INBOOK{goed:zilsel,
  AUTHOR =	 {Kurt G{\"{o}}del},
  TITLE =	 {Vortrag bei Zilsel},
  CROSSREF =	 {goed:coll},
  YEAR =	 1995,
  volume =	 3,
  pages =	 {86--113},
}

@INBOOK{goed:intuit,
  TITLE =	 {Eine {I}nterpretation des intuitionistischen
                  {A}ussagenkalk{\"{u}}l},
  CROSSREF =	 {goed:coll},
  YEAR =	 1986,
  volume =	 2,
  pages =	 {300--303},
}

@INBOOK{goed:kant,
  TITLE =	 {Some observations about the relationship between
                  theory of relativity and {K}antian philosophy},
  CROSSREF =	 {goed:coll},
  YEAR =	 1995,
  volume =	 3,
  pages =	 {230--259},
}

@BOOK{wang:96,
  author =	 {Hao Wang},
  title =	 {A Logical Journey},
  publisher =	 {The MIT Press},
  year =	 1996,
  address =	 {Cambridge, Mass.}
}

@ARTICLE{atten:03,
  author =	 "{\SortNoop{Atten}}van Atten, Mark and Juliette
                  Kennedy",
  title =	 {On the philosophical development of {K}urt
                  {G}{\"{o}}del},
  journal =	 {The Bulletin of Symbolic Logic},
  year =	 2003,
  volume =	 9,
  pages =	 {425--476}
}

@book{crocco:hal-01459188,
  TITLE =	 {{Kurt G{\"o}del Maxims and Philosophical Remarks
                  Volume X}},
  AUTHOR =	 {Crocco, Gabriella and Van Atten, Mark and
                  Cant{\`{u}}, Paola and Engelen, Eva-Maria},
  URL =		 {https://hal.archives-ouvertes.fr/hal-01459188},
  YEAR =	 2017,
  MONTH =	 Feb,
  KEYWORDS =	 {Kurt G{\"o}del ; logic ; foundations of mathematics
                  ; cosmology ; quantum mechanics ; Leibniz},
  PDF =
                  {https://hal.archives-ouvertes.fr/hal-01459188/file/Max_Phil_X-9_one_one-10.pdf},
  HAL_ID =	 {hal-01459188},
  HAL_VERSION =	 {v1},
  comment = {Available at \href{https://hal.archives-ouvertes.fr/hal-01473665/document}{https://hal.archives-ouvertes.fr/hal-01473665/document}},
}

@BOOK{crocco:KGP-S,
  editor =	 {Gabriella Crocco and Eva-Maria Engelen},
  title =	 {Kurt {G}{\"{o}}del Philosopher-Scientist},
  booktitle =	 {Kurt {G}{\"{o}}del Philosopher-Scientist},
  publisher =	 {Presses Universitaires de Provence},
  year =	 2016,
  address =	 {Aix-en-Provence}
}

@BOOK{goed:coll,
  OPTauthor =	 {Kurt G{\"{o}}del},
  editor =	 "Solomon Feferman and others",
  title =	 {Collected Works},
  booktitle =	 {Collected Works},
  publisher =	 {Oxford University Press},
  year =	 {1986--2002},
  address =	 "New York, Oxford",
  volume =	 "1--5"
}

@incollection{Godel1969-GDEAIO,
  author =	 {K. G\"odel},
  booktitle =	 {The Philosophy of Mathematics},
  publisher =	 {London: Oxford University Press},
  title =	 {An Interpretation of the Intuitionistic Sentential
                  Calculus},
  year =	 1969,
  editor =	 {Jaakko Hintikka}
}

@article{Godel1933,
  added-at = {2012-07-01T20:08:35.000+0200},
  author = {G{\"{o}}del, Kurt},
  biburl = {https://www.bibsonomy.org/bibtex/2f5e0f18b3c6ef1942ce04808d0b8353b/ralenda},
  citeulike-article-id = {5893155},
  groups = {public},
  interhash = {eb093c38bbe517263511e3b248d866c1},
  intrahash = {f5e0f18b3c6ef1942ce04808d0b8353b},
  journal = {Ergebnisse eines mathematischen Kolloquiums},
  keywords = {file-import-09-10-05b godel},
  pages = {39--40},
  posted-at = {2009-10-05 21:42:23},
  priority = {2},
  timestamp = {2012-07-01T20:08:35.000+0200},
  title = {{Eine Interpretation des intuitionistischen Aussagenkalk\"{u}ls}},
  username = {ralenda},
  volume = 4,
  year = 1933
}


@Article{godel30:_volls_axiom_funkt,
  author = 	 {G{\"{o}}del, Kurt},
  title = 	 {{Die Vollst{\"a}ndigkeit der Axiome des logischen Funktionenkalk{\"u}ls}},
  journal = 	 {Monatsheften für Mathematik und Physik},
  year = 	 1930,
  volume = 	 37,
  number = 	 2,
  annote = 	 {Leipzig: Akademische Verlagsgesellschaft}
}





@Article{godel9:_einst,
  author = 	 {G{\"{o}}del, Kurt},
  title = 	 {An example of a new type of cosmological solutions of Einstein's field equations of gravitation},
  journal = 	 {Rev. Mod. Phys.},
  year = 	 {1949)},
  volume = 	 21,
  pages = 	 {447-450}}



@Book{goldstein06:_incom,
  author = 	 {Rebecca Goldstein},
  title = 	 {Incompleteness: The Proof and Paradox of Kurt Gödel: The Proof and Paradox of Kurt Godel (Great Discoveries)},
  publisher = 	 {W.W. Norton Company},
  year = 	 2006}


@Book{kennedy14,
  editor = 	 {Juliette Kennedy},
  title = 	 {Interpreting {Gödel}: Critical Essays},
  publisher = 	 {Cambridge University Press},
  url = {http://assets.cambridge.org/97811070/02661/frontmatter/9781107002661_frontmatter.pdf},
  comment = {see \url{http://assets.cambridge.org/97811070/02661/frontmatter/9781107002661_frontmatter.pdf}},
  year = 	 2014}


@InCollection{sep-goedel,
	author       =	{Kennedy, Juliette},
	title        =	{{Kurt Gödel}},
	booktitle    =	{The Stanford Encyclopedia of Philosophy},
	editor       =	{Edward N. Zalta},
	howpublished =	{\url{https://plato.stanford.edu/archives/win2018/entries/goedel/}},
	year         =	2018,
	edition      =	{Winter 2018},
	publisher    =	{Metaphysics Research Lab, Stanford University}
}


@book{Yourgrau1991-YOUTDO-4,
	author = {Palle Yourgrau},
	title = {The Disappearance of Time: {Kurt G\"odel} and the Idealistic Tradition in Philosophy},
	year = {1991},
	publisher = {Cambridge University Press}
}


@Book{nagel01,
  author = 	 {Ernest Nagel and Newman, James R. and Hofstadter,  Douglas R.},
  title = 	 {Gödel's Proof},
  publisher = 	 {NYU Press},
  year = 	 2001}

